@online{lshort-cn,
    url = {http://mirrors.ctan.org/info/lshort/chinese/lshort-zh-cn.pdf},
    name = {lshort-zh-cn},
}

@online{install-latex,
    url = {https://github.com/OsbertWang/install_latex/releases/latest},
    name = {Install LaTeX},
    urldate = {2019-09-08},
}

@online{latex-project,
    url = {https://www.latex-project.org/},
    name = {The \LaTeX Project},
}

@online{latex-wikibook,
    author = Wikibooks,
    title = "LaTeX --- Wikibooks{,} The Free Textbook Project",
    year = 2019,
    url = {https://en.wikibooks.org/w/index.php?title=LaTeX&oldid=3527944},
    urldate = {2019-09-07},
}

@online{CTAN,
    url = {https://ctan.org/},
    name = {CTAN},
}

@online{John-16,
    title = {John 16},
    url = {https://www.biblica.com/bible/niv/john/16/},
    urldate = {2019-09-07},
}

@book{Zorich,
    name = {数学分析},
    author = {卓里奇},
    volume = {1, 2},
}

@book{Kostrikin,
    name = {代数学引论},
    author = {柯斯特利金},
    volume = 1,
}