@online{beamer-web,
    author={Chi, Zendong},
    name={LaTeX-Beamer.com},
    date={2021-05-29},
    url={https://latex-beamer.com},
}

@online{beamer-doc,
    author={Tantau, Till and Wright, Joseph and Mileti\'c, Vedran},
    name={{The BEAMER \emph{class}, User Guide}},
    date={2022-09-14},
    url={http://tug.ctan.org/macros/latex/contrib/beamer/doc/beameruserguide.pdf},
}

@online{NIST-units,
    author={{National Institute of Standards and Technology - U.S. Department of Commerce}},
    name={NIST: International System of Units (SI) base units},
    url={https://physics.nist.gov/cuu/Units/units.html},
    urldate={2022-10-02},
}

@article{East2022,
   author = {William E. East},
   doi = {10.1103/PhysRevLett.129.141103},
   issn = {0031-9007},
   issue = {14},
   journal = {Physical Review Letters},
   month = {9},
   pages = {141103},
   title = {Vortex String Formation in Black Hole Superradiance of a Dark Photon with the Higgs Mechanism},
   volume = {129},
   year = {2022},
}
