@online{wiki:floats,
   author = "Wikibooks",
   title = "LaTeX/Floats, Figures and Captions --- Wikibooks{,} The Free Textbook Project",
   year = "2019",
   url = {https://en.wikibooks.org/w/index.php?title=LaTeX/Floats,_Figures_and_Captions&oldid=3570319},
   note = "[Online; accessed 15-November-2019]"
 }

@online{wiki:tables,
  author = "Wikibooks",
  title = "LaTeX/Tables --- Wikibooks{,} The Free Textbook Project",
  year = "2019",
  url = {https://en.wikibooks.org/w/index.php?title=LaTeX/Tables\&oldid=3560859},
  note = "[Online; accessed 15-November-2019]"
 }

@online{texblog-landscape,
  title = "texblog --- Landscape in Latex",
  url = {https://texblog.org/2007/11/10/landscape-in-latex/},
  urldate = {15-November-2019},
}

@online{texblog-table,
  title = "texblog ---Professional and clean tables with LaTeX",
  url = {https://texblog.org/2017/02/06/proper-tables-with-latex/},
  urldate = {16-November-2019},
}


@online{placement,
  title = "Controlling figure and table placement in LaTeX",
  author = "Hyndsight",
  url = {https://robjhyndman.com/hyndsight/latex-floats/},
  urldate = {15-November-2019},
}

@manual{longtable,
  title = "The longtable package",
  author = "David Carlisle",
  url = {http://mirrors.ctan.org/macros/latex/required/tools/longtable.pdf},
  urldate = {15-November-2019},
  note = "Version: 2019/02/06",
}

@manual{pinlabel,
  title = "pinlabel, A \TeX labelling package",
  author = "COLIN ROURKE",
  url = {http://mirrors.ctan.org/macros/latex/contrib/pinlabel/pinlabdoc.pdf},
  urldate = {15-November-2019},
}

@manual{caption,
  title = "caption 宏包",
  author = "Axel Sommerfeldt",
  url = {https://www.ctan.org/pkg/caption},
  urldate = {15-November-2019},
  note = "Version: 2019-09-01",
}

@manual{subcaption,
  title = "subcaption 宏包",
  author = "Axel Sommerfeldt",
  url = {http://www.ctan.org/pkg/subcaption},
  urldate = {15-November-2019},
  note = "Version: 	1.3 2019-08-31",
}